@article{turing1990,
   title={The chemical basis of morphogenesis},
   author={Turing, Alan Mathison},
   journal={Bulletin of mathematical biology},
   volume={52},
   pages={153--197},
   year={1990},
   publisher={Springer}
 }