@book{datta2017,
  author    = {Dilip Datta},
  title     = {LaTeX in 24 Hours - {A} Practical Guide for 
               Scientific Writing},
  publisher = {Springer},
  year      = {2017},
  doi       = {10.1007/978-3-319-47831-9},
  isbn      = {978-3-319-47830-2},
  timestamp = {Wed, 28 Jun 2017 15:07:35 +0200},
  biburl    = {https://dblp.org/rec/books/sp/Datta17.bib},
  bibsource = {dblp computer science bibliography,
               https://dblp.org}
}
@book{goossensmittelbach2010,
  author    = {Michel Goossens and
               Frank Mittelbach and
               Alexander Samarin},
  title     = {Der LaTeX Begleiter},
  publisher = {Addison-Wesley},
  year      = {2010},
  isbn      = {978-3-8273-7044-0},
  timestamp = {Fri, 15 Apr 2011 13:37:33 +0200},
  biburl    = {https://dblp.org/rec/books/daglib/0011922.bib},
  bibsource = {dblp computer science bibliography,
               https://dblp.org}
}
